<record><leader>00000cas a22000007a 4500</leader><controlfield tag="001">20310501</controlfield><controlfield tag="008">890907d18971925mouwr ne      0    0eng d</controlfield><datafield ind1=" " ind2=" " tag="010"><subfield code="a">sn 89066988 </subfield></datafield><datafield ind1=" " ind2=" " tag="040"><subfield code="a">MQN</subfield><subfield code="b">eng</subfield><subfield code="c">MQN</subfield><subfield code="d">OCLCQ</subfield></datafield><datafield ind1=" " ind2=" " tag="042"><subfield code="a">msc</subfield></datafield><datafield ind1="0" ind2=" " tag="130"><subfield code="a">DeKalb tribune (DeKalb, Mo.)</subfield></datafield><datafield ind1="1" ind2="4" tag="245"><subfield code="a">The DeKalb tribune.</subfield></datafield><datafield ind1=" " ind2=" " tag="260"><subfield code="a">DeKalb, Mo. :</subfield><subfield code="b">Ed. S. Hays</subfield></datafield><datafield ind1=" " ind2=" " tag="300"><subfield code="a">v.</subfield></datafield><datafield ind1=" " ind2=" " tag="310"><subfield code="a">Weekly</subfield></datafield><datafield ind1="1" ind2=" " tag="362"><subfield code="a">Began in 1897? Ceased by 1925.</subfield></datafield><datafield ind1=" " ind2=" " tag="588"><subfield code="a">Description based on: Vol. 1, no. 3 (Oct. 22, 1897).</subfield></datafield><datafield ind1=" " ind2="4" tag="651"><subfield code="a">DeKalb (Mo.)</subfield><subfield code="v">Newspapers.</subfield></datafield><datafield ind1=" " ind2=" " tag="752"><subfield code="a">United States</subfield><subfield code="b">Missouri</subfield><subfield code="c">Buchanan</subfield><subfield code="d">DeKalb.</subfield></datafield></record>